<collection xmlns:xsi="http://www.w3.org/2001/XMLSchema-instance" xmlns="http://www.loc.gov/MARC21/slim" xsi:schemaLocation="http://www.loc.gov/MARC21/slim http://www.loc.gov/standards/marcxml/schema/MARC21slim.xsd">

<record>
  <leader>05850ckdaa2200769 a 4500</leader>
  <controlfield tag="001">3462302</controlfield>
  <controlfield tag="005">20100226103417.0</controlfield>
  <controlfield tag="008">890505s1912    xx ||| |||||||   1k|eng d</controlfield>
  <datafield tag="035" ind1=" " ind2=" ">
    <subfield code="a">(OCoLC)84059660</subfield>
  </datafield>
  <datafield tag="035" ind1=" " ind2=" ">
    <subfield code="a">(OCoLC)ocm84059660</subfield>
  </datafield>
  <datafield tag="035" ind1=" " ind2=" ">
    <subfield code="a">(CStRLIN)NYDA89-F566</subfield>
  </datafield>
  <datafield tag="035" ind1=" " ind2=" ">
    <subfield code="9">AAA2773AD</subfield>
  </datafield>
  <datafield tag="035" ind1=" " ind2=" ">
    <subfield code="a">(NNC)3462302</subfield>
  </datafield>
  <datafield tag="040" ind1=" " ind2=" ">
    <subfield code="a">NNC</subfield>
    <subfield code="c">NNC</subfield>
    <subfield code="e">gihc</subfield>
  </datafield>
  <datafield tag="043" ind1=" " ind2=" ">
    <subfield code="a">n-us-ca</subfield>
  </datafield>
  <datafield tag="090" ind1=" " ind2=" ">
    <subfield code="i">08/15/01 X</subfield>
    <subfield code="h">01/09/92 N</subfield>
  </datafield>
  <datafield tag="110" ind1="2" ind2=" ">
    <subfield code="a">Greene &amp; Greene.</subfield>
  </datafield>
  <datafield tag="240" ind1="1" ind2="0">
    <subfield code="a">S.S. Crow house (Pasadena, Calif.).</subfield>
    <subfield code="p">Grounds</subfield>
  </datafield>
  <datafield tag="245" ind1="1" ind2="0">
    <subfield code="a">Grounds of Edward S. Crocker, Pasadena, Calif.</subfield>
    <subfield code="h">[graphic] /</subfield>
    <subfield code="c">Greene &amp; Greene, Architects.</subfield>
  </datafield>
  <datafield tag="260" ind1=" " ind2=" ">
    <subfield code="c">[19]12.</subfield>
  </datafield>
  <datafield tag="300" ind1=" " ind2=" ">
    <subfield code="a">11 sheets :</subfield>
    <subfield code="b">various media ;</subfield>
    <subfield code="c">141.8 x 100.5 cm. (55 7/8 x 39 5/8 in.) or smaller.</subfield>
  </datafield>
  <datafield tag="500" ind1=" " ind2=" ">
    <subfield code="a">Scale varies.</subfield>
  </datafield>
  <datafield tag="500" ind1=" " ind2=" ">
    <subfield code="a">Bracketed title elements supplied by cataloger or taken from inventory.</subfield>
  </datafield>
  <datafield tag="500" ind1=" " ind2=" ">
    <subfield code="a">Forms part of the Greene &amp; Greene collection of architectural drawings; job. no. 298.</subfield>
  </datafield>
  <datafield tag="500" ind1=" " ind2=" ">
    <subfield code="a">"The design for the Crow house is also identified with Edward S. Crocker, who purchased the house in January of 1911 and who has often been identified as the initial client. The records are clear, however, that Henry Greene designed the beautifull bungalow for Dr. Crow ..." -- from Greene &amp; Greene, architecture as a fine art, by Randell L. Makinson, Salt Lake City, 1977, p. 181.</subfield>
  </datafield>
  <datafield tag="500" ind1=" " ind2=" ">
    <subfield code="a">This set consists of 3 ink drawings on cloth, 2 blueprints on paper, 1 blueprint with crayon on paper, 1 ink drawing on cloth with ink wash applied to the verso, 1 ink drawing on cloth with watercolor wash applied to the verso, 1 ink drawing with pencil on cloth, blueline print, and 1 brownprint.</subfield>
  </datafield>
  <datafield tag="561" ind1=" " ind2=" ">
    <subfield code="a">Gift of Jean Murray Bang (Mrs. Harwell Hamilton Harris), 1960; formely the collection of Charles Sumner Greene.</subfield>
  </datafield>
  <datafield tag="650" ind1=" " ind2="7">
    <subfield code="a">Bungalows.</subfield>
    <subfield code="2">aat</subfield>
  </datafield>
  <datafield tag="650" ind1=" " ind2="7">
    <subfield code="a">Houses.</subfield>
    <subfield code="2">aat</subfield>
  </datafield>
  <datafield tag="650" ind1=" " ind2="7">
    <subfield code="a">Gardens.</subfield>
    <subfield code="2">aat</subfield>
  </datafield>
  <datafield tag="650" ind1=" " ind2="7">
    <subfield code="a">Pergolas.</subfield>
    <subfield code="2">aat</subfield>
  </datafield>
  <datafield tag="650" ind1=" " ind2="7">
    <subfield code="a">Garden walks.</subfield>
    <subfield code="2">aat</subfield>
  </datafield>
  <datafield tag="650" ind1=" " ind2="7">
    <subfield code="a">Pools.</subfield>
    <subfield code="2">aat</subfield>
  </datafield>
  <datafield tag="650" ind1=" " ind2="7">
    <subfield code="a">Garden walls.</subfield>
    <subfield code="2">lctgm</subfield>
  </datafield>
  <datafield tag="650" ind1=" " ind2="7">
    <subfield code="a">Fountains.</subfield>
    <subfield code="2">aat</subfield>
  </datafield>
  <datafield tag="655" ind1=" " ind2="7">
    <subfield code="a">Site plans.</subfield>
    <subfield code="2">aat</subfield>
  </datafield>
  <datafield tag="655" ind1=" " ind2="7">
    <subfield code="a">Detail drawings.</subfield>
    <subfield code="2">aat</subfield>
  </datafield>
  <datafield tag="655" ind1=" " ind2="7">
    <subfield code="a">Architectural drawings</subfield>
    <subfield code="x">American.</subfield>
    <subfield code="2">aat</subfield>
  </datafield>
  <datafield tag="655" ind1=" " ind2="7">
    <subfield code="a">Orthographic drawings.</subfield>
    <subfield code="2">aat</subfield>
  </datafield>
  <datafield tag="691" ind1=" " ind2="0">
    <subfield code="a">Edward S. Crocker house (Pasadena, Calif.)</subfield>
  </datafield>
  <datafield tag="697" ind1="2" ind2="4">
    <subfield code="a">S.S. Crow house (Pasadena, Calif.)</subfield>
  </datafield>
  <datafield tag="650" ind1=" " ind2="0">
    <subfield code="a">Architecture</subfield>
    <subfield code="z">United States</subfield>
    <subfield code="v">Designs and plans.</subfield>
  </datafield>
  <datafield tag="700" ind1="1" ind2=" ">
    <subfield code="a">Greene, Charles Sumner,</subfield>
    <subfield code="d">1868-1957.</subfield>
  </datafield>
  <datafield tag="700" ind1="1" ind2=" ">
    <subfield code="a">Greene, Henry Mather,</subfield>
    <subfield code="d">1870-1954.</subfield>
  </datafield>
  <datafield tag="700" ind1="1" ind2=" ">
    <subfield code="a">Crocker, Edward S.</subfield>
  </datafield>
  <datafield tag="700" ind1="1" ind2=" ">
    <subfield code="a">Crow, S. S.</subfield>
  </datafield>
  <datafield tag="740" ind1="0" ind2=" ">
    <subfield code="a">Edward S. Crocker house (Pasadena, Calif.)</subfield>
  </datafield>
  <datafield tag="755" ind1=" " ind2=" ">
    <subfield code="a">Ink drawings.</subfield>
    <subfield code="2">aat</subfield>
  </datafield>
  <datafield tag="755" ind1=" " ind2=" ">
    <subfield code="a">Crayon drawings.</subfield>
    <subfield code="2">aat</subfield>
  </datafield>
  <datafield tag="755" ind1=" " ind2=" ">
    <subfield code="a">Blueprints.</subfield>
    <subfield code="2">aat</subfield>
  </datafield>
  <datafield tag="755" ind1=" " ind2=" ">
    <subfield code="a">Ink wash drawings.</subfield>
    <subfield code="2">aat</subfield>
  </datafield>
  <datafield tag="755" ind1=" " ind2=" ">
    <subfield code="a">Watercolor wash drawings.</subfield>
    <subfield code="2">aat</subfield>
  </datafield>
  <datafield tag="755" ind1=" " ind2=" ">
    <subfield code="a">Pencil drawings.</subfield>
    <subfield code="2">aat</subfield>
  </datafield>
  <datafield tag="755" ind1=" " ind2=" ">
    <subfield code="a">Blueline prints.</subfield>
    <subfield code="2">aat</subfield>
  </datafield>
  <datafield tag="799" ind1="4" ind2="1">
    <subfield code="a">The Greene &amp; Greene collection of architectural drawings.</subfield>
  </datafield>
  <datafield tag="789" ind1="0" ind2=" ">
    <subfield code="1">[1]</subfield>
    <subfield code="i">NYDA.1960.001.00824.</subfield>
    <subfield code="v">[AVERYimage].</subfield>
    <subfield code="t">Plan of garden, 1/2" scale detail of fence [in] elevation [and] section, elevation of east wall looking east, elevation of north wall looking south, elevation of west wall looking east :</subfield>
    <subfield code="n">Sheet no. 1,</subfield>
    <subfield code="d">6-29-12.</subfield>
  </datafield>
  <datafield tag="789" ind1="0" ind2=" ">
    <subfield code="1">[2]</subfield>
    <subfield code="i">NYDA.1960.001.00825.</subfield>
    <subfield code="v">[AVERYimage].</subfield>
    <subfield code="t">Plan of garden, 1/2" scale detail of fence [in] elevation [and] section, elevation of east wall looking east, elevation of north wall looking south, elevation of west wall looking east :</subfield>
    <subfield code="n">Sheet no. 1,</subfield>
    <subfield code="d">6-29-'12.</subfield>
    <subfield code="o">Encapsulated in mylar.</subfield>
  </datafield>
  <datafield tag="789" ind1="0" ind2=" ">
    <subfield code="1">[3]</subfield>
    <subfield code="i">NYDA.1960.001.00826.</subfield>
    <subfield code="v">[AVERYimage].</subfield>
    <subfield code="t">Bungalow on rear lot -- south front [elevation] ; west elevation ; first floor plan ; [detail drawing of] openings in foundation ; section thr' wall [with partial] outside [and] inside [elevations] ; [detail drawing of] concrete footing &amp; supporting wall thro' inside at "C" shown by dotted lines (also for inside walls, tool house ; 3" scale details [of flooring, window and door] :</subfield>
    <subfield code="n">Drawing no. 2 /</subfield>
    <subfield code="c">Dr[awn] &amp; tr[aced] by C.N.</subfield>
    <subfield code="d">6-13-'12.</subfield>
  </datafield>
  <datafield tag="789" ind1="0" ind2=" ">
    <subfield code="1">[4]</subfield>
    <subfield code="i">NYDA.1960.001.00827.</subfield>
    <subfield code="v">[AVERYimage].</subfield>
    <subfield code="t">Pergola, etc. -- rear elevation, section, elevation, end elevation, 3" scale detail, end [elevation], elevation of pergola, front elevation, 3/4" scale details, section thro' steps, plan of pier "B", plan of corner of walk (A), 1/4" scale plan :</subfield>
    <subfield code="n">Drawing no. 3 /</subfield>
    <subfield code="c">Dr[awn] &amp; tr[aced] by C.N.,</subfield>
    <subfield code="d">6/17/12.</subfield>
  </datafield>
  <datafield tag="789" ind1="0" ind2=" ">
    <subfield code="1">[5]</subfield>
    <subfield code="i">NYDA.1960.001.00828.</subfield>
    <subfield code="v">[AVERYimage].</subfield>
    <subfield code="t">Pergola, etc. -- rear elevation, section, elevation, end elevation, 3" scale detail, end [elevation], elevation of pergola, front elevation, 3/4" scale details, section thro' steps, plan of pier "B", plan of corner of walk (A), 1/4" scale plan :</subfield>
    <subfield code="n">Drawing no. 3 /</subfield>
    <subfield code="c">Dr[awn] &amp; tr[aced] by C.N.,</subfield>
    <subfield code="d">6/17/12.</subfield>
    <subfield code="o">Encapsulated in mylar.</subfield>
  </datafield>
  <datafield tag="789" ind1="0" ind2=" ">
    <subfield code="1">[6]</subfield>
    <subfield code="i">NYDA.1960.001.00829.</subfield>
    <subfield code="v">[AVERYimage].</subfield>
    <subfield code="t">Pergola, etc. -- rear elevation, section, elevation, end elevation, 3" scale detail, end [elevation], elevation of pergola, front elevation, 3/4" scale details, section thro' steps, plan of pier "B", plan of corner walk (A), 1/4" scale plan :</subfield>
    <subfield code="n">Drawing no. 3 /</subfield>
    <subfield code="c">Dr[awn] &amp; tr[aced] by C.N.,</subfield>
    <subfield code="d">6/17/12.</subfield>
  </datafield>
  <datafield tag="789" ind1="0" ind2=" ">
    <subfield code="1">[7]</subfield>
    <subfield code="i">NYDA.1960.001.00830.</subfield>
    <subfield code="v">[AVERYimage].</subfield>
    <subfield code="t">Revised plan of west end of garden :</subfield>
    <subfield code="n">Sheet no. 4 /</subfield>
    <subfield code="c">Drawn by H.B.,</subfield>
    <subfield code="d">7-30-12.</subfield>
    <subfield code="o">"See sheet no. 1 for further details of wall, etc.".</subfield>
  </datafield>
  <datafield tag="789" ind1="0" ind2=" ">
    <subfield code="1">[8]</subfield>
    <subfield code="i">NYDA.1960.001.00831.</subfield>
    <subfield code="v">[AVERYimage].</subfield>
    <subfield code="t">Scale details of lily pool -- plan, section on line A-A ; 3/4" scale details of fountain -- east and west elevation, north and south elevation :</subfield>
    <subfield code="n">Sheet no. 5.</subfield>
  </datafield>
  <datafield tag="789" ind1="0" ind2=" ">
    <subfield code="1">[9]</subfield>
    <subfield code="i">NYDA.1960.001.04517.</subfield>
    <subfield code="v">[AVERYimage].</subfield>
    <subfield code="t">Block plan of residence and grounds.</subfield>
  </datafield>
  <datafield tag="789" ind1="0" ind2=" ">
    <subfield code="1">[10]</subfield>
    <subfield code="i">NYDA.1960.001.04518.</subfield>
    <subfield code="v">[AVERYimage].</subfield>
    <subfield code="t">Block plan of residence and grounds.</subfield>
    <subfield code="o">Printed in reverse.</subfield>
  </datafield>
  <datafield tag="789" ind1="0" ind2=" ">
    <subfield code="1">[11]</subfield>
    <subfield code="i">NYDA.1960.001.00832.</subfield>
    <subfield code="v">[AVERYimage].</subfield>
    <subfield code="t">Block plan of residence and grounds.</subfield>
    <subfield code="o">Encapsulated in mylar.</subfield>
  </datafield>
  <datafield tag="900" ind1=" " ind2=" ">
    <subfield code="a">AUTH</subfield>
  </datafield>
</record>

</collection>